%
% Copyright (c) Meta Platforms, Inc. and affiliates.
%
% This source code is licensed under the MIT license found in the LICENSE file
% in the root directory of this source tree. 
%

@phdthesis{alisic,
  author = {Rijad Alisic},
  title = {Privacy of Sudden Events in Cyber-Physical Systems},
  school = {KTH Royal Institute of Technology},
  year = {2021},
  note = {This is actually a ``licentiate thesis'' --- part of a Ph.D.}
}

@inproceedings{alisic-molinari-pare-sandberg,
  author = {Rijad Alisic and Marco Molinari and Philip E. Par\'e
            and Henrik Sandberg},
  title = {Maximizing privacy in {MIMO} cyber-physical systems using
           the {C}hapman-{R}obbins bound},
  editor = {Richard D. Braatz and Chung Choo Chung and Jay H. Lee
            and Luca Zaccarian},
  booktitle = {Proceedings of the 2020 59th IEEE Conference on Decision
               and Control (CDC)},
  pages = {6272--6277},
  publisher = {IEEE},
  year = {2020}
}

@misc{bose,
  author = {Amitrajit Bose},
  title = {Handwritten digit recognition using {PyT}orch ---
           intro. to neural networks},
  howpublished = {\url{https://towardsdatascience.com/handwritten-digit-mnist-pytorch-977b5338e627}},
  month = {February},
  year = {2019},
  note = {Blog post on Medium's series, {\em Towards Data Science}}
}

@article{chapman-robbins,
  author = {Douglas G. Chapman and Herbert Robbins},
  title = {Minimum variance estimation without regularity assumptions},
  journal = {Ann. Math. Stat.},
  volume = {22},
  number = {4},
  pages = {581--586},
  year = {1951}
}

@misc{chen,
  author = {Yuansi Chen},
  title = {Statistical Inference, Lecture 6: Information Inequality},
  howpublished =
    {\url{https://www2.stat.duke.edu/courses/Spring22/sta732.01/lecture06.pdf}},
  year = {2022},
  note = {Duke University Course STA732}
}

@inproceedings{dp-sgd,
  author = {Martin Abadi and Andy Chu and Ian Goodfellow and H. Brendan McMahan
            and Ilya Miranov and Kunal Talwar and Li Zhang},
  title = {Deep learning with differential privacy},
  editor = {Edgar Weippl and Stefan Katzenbeisser and Christopher Kruegel
            and Andrew Myers and Shai Halevi},
  booktitle = {Proceedings of the 2016 ACM SIGSAC Conference on Computer
               and Communications Security (CCS)},
  pages = {308--318},
  publisher = {Association for Computing Machinery},
  year = {2016}
}

@article{dwork-roth,
  author = {Cynthia Dwork and Aaron Roth},
  title = {The algorithmic foundations of differential privacy},
  journal = {Found. Trends Theor. Comput. Sci.},
  volume = {9},
  number = {3--4},
  pages = {211--407},
  year = {2014}
}

@inproceedings{hannun-guo-van-der-maaten,
  author = {Awni Hannun and Chuan Guo and Laurens van der Maaten},
  title = {Measuring data leakage in machine-learning models with {F}isher
           information},
  editor = {Cassio de Campos and Marloes H. Maathuis},
  series = {Proceedings of Machine Learning Research},
  booktitle = {Proceedings of the Thirty-Seventh Conference on Uncertainty
               in Artificial Intelligence},
  volume = {161},
  pages = {760--770},
  publisher = {Microtome Press},
  year = {2021}
}

@article{hammersley,
  author = {John M. Hammersley},
  title = {On estimating restricted parameters},
  journal = {J. R. Stat. Soc. Ser. B},
  volume = {12},
  number = {2},
  pages = {192--240},
  year = {1950}
}

@inproceedings{he-zhang-ren-sun,
  author = {Kaiming He and Xiangyu Zhang and Shaoqing Ren and Jian Sun},
  title = {Deep residual learning for image recognition},
  booktitle = {Proceedings of the 29th IEEE Conference on Computer Vision
               and Pattern Recognition (CVPR)},
  pages = {770--778},
  publisher = {IEEE Computer Society},
  year = {2016}
}

@inproceedings{koh-liang,
  author = {Pang Wei Koh and Percy Liang},
  title = {Understanding black-box predictions via influence functions},
  editor = {Doina Precup and Yee Whye Teh},
  series = {Proceedings of Machine Learning Research},
  booktitle = {Proceedings of the 34th International Conference
               on Machine Learning (ICML)},
  volume = {70},
  pages = {1885--1894},
  publisher = {Microtome Press},
  year = {2017}
}

@techreport{krizhevsky,
  author = {Alex Krizhevsky},
  title = {Learning multiple layers of features from tiny images},
  number = {Master's Thesis},
  institution = {University of Toronto Department of Computer Science},
  year = {2009},
  pages = {1--58}
}

@article{lecun-bottou-bengio-haffner,
  author = {Yann {LeC}un and L\'eon Bottou and Yoshua Bengio
            and Patrick Haffner},
  title = {Gradient-based learning applied to document recognition},
  journal = {Proc. IEEE},
  volume = {86},
  number = {11},
  year = {1998},
  pages = {2278--2324}
}

@inproceedings{liu-lin-cao-hu-wei-zhang-lin-guo,
  author = {Ze Liu and Yutong Lin and Yue Cao and Han Hu and Yixuan Wei
            and Zheng Zhang and Stephen Lin and Baining Guo},
  title = {Swin {T}ransformer: hierarchical vision {T}ransformer
           using shifted windows},
  booktitle = {Proceedings of the 2021 IEEE/CVF International Conference
               on Computer Vision (ICCV)},
  pages = {9992--10002},
  publisher = {IEEE Computer Society},
  year = {2021}
}

@techreport{loshchilov-hutter,
  author = {Ilya Loshchilov and Frank Hutter},
  title = {Decoupled weight decay regularization},
  institution = {arXiv},
  year = {2019},
  number = {1711.05101},
  note = {Also published as a poster and paper at the 2019
          International Conference on Learned Representations (ICLR).}
}

@article{matthews-harel,
  author = {Gregory J. Matthews and Ofer Harel},
  title = {Data confidentiality: a review of methods for statistical disclosure
           limitation and methods for assessing privacy},
  journal = {Stat. Surv.},
  volume = {5},
  year = {2011},
  pages = {1--29}
}

@misc{mozilla,
  author = {{Mozilla Foundation}},
  title = {Privacy nightmare on wheels: every car brand reviewed by {M}ozilla
           --- including {F}ord, {V}olkswagen, and {T}oyota --- flunks privacy
           test},
  note = {\url{https://foundation.mozilla.org/en/blog/privacy-nightmare-on-wheels-every-car-brand-reviewed-by-mozilla-including-ford-volkswagen-and-toyota-flunks-privacy-test}},
  month = {September},
  year = {2023},
  howpublished = {Blog post (see the section on privacy washing)}
}

@article{paige-saunders,
  author = {Christopher C. Paige and Michael A. Saunders},
  title = {{LSQR}: an algorithm for sparse linear equations
           and sparse least squares},
  journal = {ACM Trans. Math. Softw.},
  volume = {8},
  number = {1},
  year = {1982},
  pages = {43--71}
}

@article{imagenet,
  author = {Olga Russakovsky and Jia Deng and Hao Su and Jonathan Krause
            and Sanjeev Satheesh and Sean Ma and Zhiheng Huang
            and Andrej Karpathy and Aditya Khosla and Michael Bernstein
            and Alexander C. Berg and Li Fei-Fei},
  title = {Image{N}et large scale visual recognition challenge},
  journal = {Int. J. Comput. Vis.},
  volume = {115},
  number = {3},
  pages = {211--252},
  year = {2015}
}

@misc{shahrestani,
  author = {Afshin Shahrestani},
  title = {Classifying {CIFAR-10} using a simple {CNN}},
  note = {\url{https://medium.com/analytics-vidhya/classifying-cifar-10-using-a-simple-cnn-4e9a6dd7600b}},
  month = {August},
  year = {2021},
  howpublished = {Blog post on the web-only publisher Medium's series,
                  {\em Analytics Vidhya}}
}

@misc{torchvision,
  author = {{TorchV}ision maintainers and contributors},
  title = {{TorchV}ision: {PyT}orch's computer vision library},
  note = {\url{https://github.com/pytorch/vision}},
  year = {2024},
  howpublished = {Repository on GitHub}
}

@misc{wikipedia,
  author = {{Wikipedia contributors}},
  title = {Chapman--{R}obbins bound},
  year = {2024},
  howpublished = {Accessed online via the Web in April 2024 at
    \url{https://en.wikipedia.org/wiki/Chapman-Robbins\_bound}}
}
